@inproceedings{jo2011aspect,
  title     = {Aspect and sentiment unification model for online review analysis},
  author    = {Jo, Yohan and Oh, Alice H},
  booktitle = {Proceedings of the fourth ACM international conference on Web search and data mining},
  pages     = {815--824},
  year      = {2011}
}

@inproceedings{lin2009joint,
  title     = {Joint sentiment/topic model for sentiment analysis},
  author    = {Lin, Chenghua and He, Yulan},
  booktitle = {Proceedings of the 18th ACM conference on Information and knowledge management},
  pages     = {375--384},
  year      = {2009}
}

@article{joulin2016bag,
  title   = {Bag of Tricks for Efficient Text Classification},
  author  = {Joulin, Armand and Grave, Edouard and Bojanowski, Piotr and Mikolov, Tomas},
  journal = {arXiv preprint arXiv:1607.01759},
  year    = {2016}
}
